@misc{Aster2,
 author = "WikiPedia.",
 title = "http://nl.wikipedia.org/wiki/A*-algoritme",
 url = "http://nl.wikipedia.org/wiki/A*-algoritme"
}
@misc{Aster:tutorial,
 author = "www.policyalmanac.org.",
 title = "http://www.policyalmanac.org/games/aStarTutorial.htm",
 url = "http://www.policyalmanac.org/games/aStarTutorial.htm"
}
@misc{openSLAM,
 author = "Openslam.org.",
 title = "http://openslam.org",
 url = "http://openslam.org/"
}

@misc{CoreSLAM:python,
 author               = {Kenny Lei},
 title                = {Python versie van Coreslam },
 url                  = {https://svn.cs.hmc.edu/svn/robotics/Summer10/The_Game_Monster/9August/CoreSLAM.py},
}
@inproceedings{CoreSLAM:article,
 address              = {Berlin, Heidelberg},
 author               = {Lesperance, N. and Leece, M. and Matsumoto, S. and Korbel, M. and Lei, K. and Dodds, Z.},
 booktitle            = {Proceedings of the 6th international conference on Advances in visual computing - Volume Part III},
 isbn                 = {3-642-17276-8, 978-3-642-17276-2},
 pages                = {151--160},
 publisher            = {Springer-Verlag},
 series               = {ISVC'10},
 title                = {PixelLaser: computing range from monocular texture},
 url                  = {http://portal.acm.org/citation.cfm?id=1940092.1940109},
 year                 = {2010},
 }